<?xml version="1.0" encoding="UTF-8"?><collection><record><leader>10196ntm a2200745 a 4500</leader><controlfield tag="001">006813247</controlfield><controlfield tag="003">MiAaHDL</controlfield><controlfield tag="005">20190719000000.0</controlfield><controlfield tag="006">m        d        </controlfield><controlfield tag="007">cr bn ---auaua</controlfield><controlfield tag="008">090604m17231742xx            00| ||ara d</controlfield><datafield tag="035" ind1=" " ind2=" "><subfield code="a">(MiU)006813247</subfield></datafield><datafield tag="035" ind1=" " ind2=" "><subfield code="a">sdr-miu006813247</subfield></datafield><datafield tag="040" ind1=" " ind2=" "><subfield code="a">MiU</subfield><subfield code="c">MiU</subfield><subfield code="e">amremm</subfield></datafield><datafield tag="043" ind1=" " ind2=" "><subfield code="a">n-us-mi</subfield></datafield><datafield tag="100" ind1="0" ind2=" "><subfield code="6">880-01</subfield><subfield code="a">Abū ʻImrān Mūsá ibn ʻĪsá ibn Abī Ḥājj al-Fāsī,</subfield><subfield code="d">978-1038.</subfield></datafield><datafield tag="245" ind1="1" ind2="0"><subfield code="6">880-03</subfield><subfield code="a">Kitāb al-Masāʼil al-fiqhīyah wa-yalīhi al-Taysīr wa-al-tashīl fī dhikr mā aghfalahu al-shaykh Khalīl min aḥkām al-mughārasah,</subfield><subfield code="f">[1155, i.e. 1742 and 1135, i.e. 1723].</subfield></datafield><datafield tag="246" ind1="3" ind2=" "><subfield code="a">مختصر من مسائل المدونة</subfield></datafield><datafield tag="260" ind1=" " ind2=" "><subfield code="c">[1723 and 1742].</subfield></datafield><datafield tag="300" ind1=" " ind2=" "><subfield code="a">65 leaves :</subfield><subfield code="b">paper ;</subfield><subfield code="c">236 x 180 (200-205 x 135-143) mm.</subfield></datafield><datafield tag="500" ind1=" " ind2=" "><subfield code="a">Shelfmark: Ann Arbor, University of Michigan, Special Collections Library, Isl. Ms. 659</subfield></datafield><datafield tag="500" ind1=" " ind2=" "><subfield code="a">Origin: As appears in colophon on p.43, opening work copied by al-Ḥusayn ibn Abī al-Qāsim ( الحسين بن ابي القاسم ) with transcription completed 26 Rajab 1155 [ca. 26 September 1742] (date provided in ghubār numerals). As appears in colophon on p.130, final work copied for himself by Aḥmad ibn ʻAbd al-ʻAzīz ibn Saʻd ibn ʻAlī al-Jazāʼirī al-Mālikī al-Ashʻarī al-Baṣrī (احمد بن عبد العزيز بن سعد بن علي الجزائري المالكي الاشعري البصري ) with transcription completed with seven days left in Shaʻbān 1135 [ca. 29 May 1723] (date provided in ghubār numerals).</subfield></datafield><datafield tag="500" ind1=" " ind2=" "><subfield code="a">Accompanying materials: a. Inventory cataloguing slip in hand of Winifred Smeaton Thomas -- b. Acquisitions slip from Yahuda.</subfield></datafield><datafield tag="500" ind1=" " ind2=" "><subfield code="a">Former shelfmark: From inner front cover and label on lower cover, "IL 334" (likely supplied by Yahuda, see acquisitions slip).</subfield></datafield><datafield tag="500" ind1=" " ind2=" "><subfield code="a">Binding: Pasteboards covered in coated orange paper with black cloth over spine (quarter binding) ; Type III binding (without flap) ; exposed boards untinted, hinges in blue paper ; sewn in heavy white thread, two stations ; overall in somewhat poor condition with some abrasion, lifting and losses of paper, minor delamination of boards, etc.</subfield></datafield><datafield tag="500" ind1=" " ind2=" "><subfield code="a">Support: European laid paper of two main types ; through p.58, type with 8 laid lines per cm. (vertical), chain lines spaced 31-32 mm. apart (horizontal), and watermarks of triple mount with cross above (see p.8, 12, 13, 18, etc.) and initials [?] in circle (see p.16, etc. and compare Monts - Trois monts imbriqués nos.9 and 9A in Velkov, Les Filigranes dans les documents Ottomans), sturdy and well-burnished ; from p.59 through close, type with 11 laid lines per cm. (vertical), chain lines spaced 22-24 mm. apart (horizontal), and grapes (raisin) watermark (see p.74, 80, etc.), thin and crisp though sturdy, well-burnished.</subfield></datafield><datafield tag="500" ind1=" " ind2=" "><subfield code="a">Decoration: Section headings and keywords rubricated.</subfield></datafield><datafield tag="500" ind1=" " ind2=" "><subfield code="a">Script: Maghribī ; two main hands ; opening hand (through p.58, supplying bulk of first two works) compact and somewhat angular ; hand supplying final two works (from p.59) more uniform ; both with inclination to the right, sweeping descenders, etc. ; occasionally vocalized.</subfield></datafield><datafield tag="500" ind1=" " ind2=" "><subfield code="a">Layout: Written in 31 and 29 lines per page.</subfield></datafield><datafield tag="500" ind1=" " ind2=" "><subfield code="a">Collation: i, VI+2 (14), III (20), III+3 (29), 3 VI(65) ; sexternions [senions] and ternions ; catchwords present ; pagination in pencil, Western numerals, supplied during digitization (skips added 'title page').</subfield></datafield><datafield tag="500" ind1=" " ind2=" "><subfield code="a">Colophon: [al-Masāʼil al-fiqhīyah] "Scribal," reads "انتهى ما اختصره ابو الفاسي رحمه الله من دواوين المالكية رضي الله عنهم على يد عبيد الله سبحانه الحسين ابن ابي القاسم غفر الله له ولوالديه ولاشياخه ولاخوانه ولجميع المسلمين والمسلمات الاحياء منهم والاموات ولا حول ولا قوة الا بالله العلي العظيم عام ١١۶۶ في شهر الله المعظم رجب الفرد بعد ان خلت منه ستة وعشرين ... والحمد لله رب العالمين" ; [al-Taysīr wa-al-tashīl] "كملت المغارسة بحمد الله وحسن عونه على يد ناسخها لنفسه ثم لمن شاء الله في بعده العبد الفقير الى رحمة ربه القدير الراجي عفو ربه وغفرانه احمد بن عبد العزيز بن سعد بن علي الجزائري الاصل والمنشأ المالكي مذهبا الاشعري اعتقادا البصري اعرابا غفر الله له ولوالديه ولاشياخه ولوالديهم ولجميع المسلمين ووافق الفراغ منها ضحوة يوم الجمعة لسبع بقين من شهر الله المعظم شعبان من عام ۱۱3۶ عرفنا الله خيره وسلام على جميع الانبياء والمرسلين والحمد لله رب العالمين"</subfield></datafield><datafield tag="500" ind1=" " ind2=" "><subfield code="a">Incipit: [al-Masāʼil al-fiqhīyah] "قال الشيخ ابو عمران الفاسي رضي الله عنه هذا ما اختصرنا من الدواوين دون التطويل من المسائل [مسائل] المدونة مسئلة في تزويج المراة بعد الوقوع والنزول ..." ; [Kitāb al-Taysīr wa-al-tashīl] "فيقول العبد الفقير الى الله ... عبد الرحمن بن عبد القادر ... الحمد لله الملك القديم العالم العلي العظيم الاكرم الكريم الرحمن الرحيم الخبير الحليم ... وبعد فلما كان باب المغارسة من جملة ما ينبغي للمؤلفين المختصرين ان يتعرضوا له ... طلب مني بعض اخواننا ... ان اجمع في الباب مسائل جملة [؟] وان اذكر في ذلك احكاما مهمة ... ولما لخصته وهذبته ودرجته وقربته ظهر ان اسميه بالتيسير والتسهيل في ذكر ما اغفله الشيخ خليل من احكام المغارسة والتوليح والتصيير ..."</subfield></datafield><datafield tag="500" ind1=" " ind2=" "><subfield code="a">Title from added 'title page' (flyleaf).</subfield></datafield><datafield tag="500" ind1=" " ind2=" "><subfield code="a">Ms. composite codex.</subfield></datafield><datafield tag="505" ind1="0" ind2=" "><subfield code="a">4. p.60-p.130 : al-Taysīr wa-al-tashīl fī dhikr mā aghfalahu al-shaykh Khalīl min aḥkām al-mughārasah wa-al-tawlīj wa-al-taṣyīr / Abū Zayd ʻAbd al-Raḥmān ibn ʻAbd al-Qādir al-Fāsī.</subfield></datafield><datafield tag="505" ind1="0" ind2=" "><subfield code="a">3. p.59-p.60 : [Bāb nadb al-ghars from Mukhtaṣar Khalīl] / Khalīl ibn Isḥāq al-Jundī.</subfield></datafield><datafield tag="505" ind1="0" ind2=" "><subfield code="a">2. p.44-p.58 : [book on fiqh opening in Bāb al-Ṭahārah and concluding in Bāb al-Nikāḥ].</subfield></datafield><datafield tag="505" ind1="0" ind2=" "><subfield code="a">1. p.1-p.43 : al-Masāʼil al-fiqhīyah / Abū ʻImrān al-Fāsī.</subfield></datafield><datafield tag="510" ind1="4" ind2=" "><subfield code="a">Velkov, Asparouh. Les Filigranes dans les documents Ottomans: divers types d’images. Sofia: Éditions "Texte - A. Trayanov", 2005.</subfield></datafield><datafield tag="510" ind1="4" ind2=" "><subfield code="a">University of Michigan Library. Manuscripts &amp; papyri : an exhibition arranged for the XXVII International Congress of Orientalists, Ann Arbor, Michigan, August 13-19, 1967. (Ann Arbor, MI [?], 1967),</subfield><subfield code="c">no.76, p.20</subfield></datafield><datafield tag="510" ind1="4" ind2=" "><subfield code="a">Brockelmann, C. GAL,</subfield><subfield code="c">II 460</subfield></datafield><datafield tag="510" ind1="4" ind2=" "><subfield code="a">Brockelmann, C. GAL,</subfield><subfield code="c">S I 660</subfield></datafield><datafield tag="520" ind1="8" ind2=" "><subfield code="a">Fine Maghribī copy of a collection of works on Mālikī law, opening with a collection of legal decisions attributed to Abū ʻImrān al-Fāsī (d.1038), followed by a work of Mālikī fiqh in the same hand opening in Bāb al-Ṭahārah and concluding in Bāb al-Nikāḥ, itself followed by Bāb nadb al-ghars or al-Mughārasah from al-Mukhtaṣar, the renowned compendium of Mālikī law by Khalīl ibn Isḥāq al-Jundī (d.1365), and concluding with a commentary on that very work, namely al-Taysīr wa-al-tashīl fī dhikr mā aghfalahu al-shaykh Khalīl min aḥkām al-mughārasah wa-al-tawlīj wa-al-taṣyīr by ʻAbd al-Raḥmān ibn ʻAbd al-Qādir al-Fāsī (d.1685).</subfield></datafield><datafield tag="538" ind1=" " ind2=" "><subfield code="a">Mode of access: Internet.</subfield></datafield><datafield tag="541" ind1=" " ind2=" "><subfield code="a">Acquired in 1926 from the bookseller Isaac Benjamin S.E. Yahuda via purchase transacted on his behalf by Abraham Shalom Yahuda (1877-1951), his younger brother.</subfield></datafield><datafield tag="546" ind1=" " ind2=" "><subfield code="a">Arabic.</subfield></datafield><datafield tag="561" ind1=" " ind2=" "><subfield code="a">Occasional marginal corrections ; occasional notabilia (side-heads) often marked "قف".</subfield></datafield><datafield tag="600" ind1="0" ind2="0"><subfield code="a">Khalīl ibn Isḥāq al-Jundī,</subfield><subfield code="d">-1365?</subfield><subfield code="t">Mukhtaṣar.</subfield></datafield><datafield tag="650" ind1=" " ind2="0"><subfield code="a">Manuscripts, Arabic</subfield><subfield code="z">Michigan</subfield><subfield code="z">Ann Arbor.</subfield></datafield><datafield tag="650" ind1=" " ind2="0"><subfield code="a">Malikites</subfield><subfield code="v">Early works to 1800.</subfield></datafield><datafield tag="650" ind1=" " ind2="0"><subfield code="a">Islamic law</subfield><subfield code="x">Interpretation and construction</subfield><subfield code="v">Early works to 1800.</subfield></datafield><datafield tag="650" ind1=" " ind2="0"><subfield code="a">Fatwas</subfield><subfield code="v">Early works to 1800.</subfield></datafield><datafield tag="700" ind1="0" ind2=" "><subfield code="6">880-09</subfield><subfield code="a">Aḥmad ibn ʻAbd al-ʻAzīz ibn Saʻd ibn ʻAlī al-Jazāʼirī,</subfield><subfield code="d">fl. 1723,</subfield><subfield code="e">scribe.</subfield></datafield><datafield tag="700" ind1="1" ind2=" "><subfield code="6">880-08</subfield><subfield code="a">Ibn Abī al-Qāsim, al-Ḥusayn,</subfield><subfield code="d">fl. 1742,</subfield><subfield code="e">scribe.</subfield></datafield><datafield tag="700" ind1="1" ind2="2"><subfield code="6">880-06</subfield><subfield code="a">Abū Zayd al-Fāsī, ʻAbd al-Raḥmān ibn ʻAbd al-Qādir,</subfield><subfield code="d">1630 or 1631-1684 or 1685.</subfield><subfield code="t">Taysīr wa-al-tashīl fī dhikr mā aghfalahu al-shaykh Khalīl min aḥkām al-mughārasah wa-al-tawlīj wa-al-taṣyīr.</subfield></datafield><datafield tag="700" ind1="0" ind2="2"><subfield code="6">880-05</subfield><subfield code="a">Khalīl ibn Isḥāq al-Jundī,</subfield><subfield code="d">-1365?</subfield><subfield code="t">Mukhtaṣar.</subfield><subfield code="p">Bāb nadb al-ghars.</subfield></datafield><datafield tag="740" ind1="0" ind2="2"><subfield code="6">880-07</subfield><subfield code="a">Mughārasah</subfield></datafield><datafield tag="773" ind1="0" ind2=" "><subfield code="a">Yahuda Collection.</subfield></datafield><datafield tag="880" ind1="0" ind2=" "><subfield code="6">700-09/</subfield><subfield code="a">احمد بن عبد العزيز بن سعد بن علي الجزائري,</subfield><subfield code="e">ناسخ.</subfield></datafield><datafield tag="880" ind1="1" ind2=" "><subfield code="6">700-08/</subfield><subfield code="a">ابن ابي القاسن، الحسين,</subfield><subfield code="e">ناسخ.</subfield></datafield><datafield tag="880" ind1="0" ind2="2"><subfield code="6">740-07/</subfield><subfield code="a">مغارسة</subfield></datafield><datafield tag="880" ind1="1" ind2="2"><subfield code="6">700-06/</subfield><subfield code="a">ابو زيد الفاسي, عبد الرحمن بن عبد القادر.</subfield><subfield code="t">تيسير والتسهيل في ذكر ما اغفله الشيخ خليل من احكام المغارسة والتوليج والتصيير.</subfield></datafield><datafield tag="880" ind1="0" ind2="2"><subfield code="6">700-05/</subfield><subfield code="a">خليل بن اسحاق الجندي.</subfield><subfield code="t">مختصر.</subfield><subfield code="p">باب ندب الغرس.</subfield></datafield><datafield tag="880" ind1="1" ind2="0"><subfield code="6">245-03/</subfield><subfield code="a">كتاب المسائل الفقهية ويليه التيسير والتسهيل في ذكر ما اغفله الشيخ خليل من احكام المغارسة,</subfield><subfield code="f">[1155ه, 1742م و 1135ه, 1723م].</subfield></datafield><datafield tag="880" ind1="0" ind2=" "><subfield code="6">100-01/</subfield><subfield code="a">ابو عمران موسى بن عيسى بن ابي حاج الفاسي.</subfield></datafield><datafield tag="CID" ind1=" " ind2=" "><subfield code="a">006813247</subfield></datafield><datafield tag="DAT" ind1="0" ind2=" "><subfield code="a">20190719102638.0</subfield><subfield code="b">20190719000000.0</subfield></datafield><datafield tag="DAT" ind1="1" ind2=" "><subfield code="a">20190719090653.0</subfield><subfield code="b">2019-07-19T16:11:56Z</subfield></datafield><datafield tag="DAT" ind1="2" ind2=" "><subfield code="a">2015-10-02T18:00:03Z</subfield></datafield><datafield tag="CAT" ind1=" " ind2=" "><subfield code="a">SDR-MIU</subfield><subfield code="d">EX LIBRIS - ALEPH</subfield><subfield code="l">prepare.pl-004-008</subfield></datafield><datafield tag="FMT" ind1=" " ind2=" "><subfield code="a">BK</subfield></datafield><datafield tag="HOL" ind1=" " ind2=" "><subfield code="0">sdr-miu006813247</subfield><subfield code="a">MiU</subfield><subfield code="b">SDR</subfield><subfield code="c">MIU</subfield><subfield code="p">mdp.39015079128230</subfield><subfield code="s">MIU</subfield><subfield code="1">006813247</subfield></datafield><datafield tag="974" ind1=" " ind2=" "><subfield code="b">MIU</subfield><subfield code="c">MIU</subfield><subfield code="d">20190719</subfield><subfield code="s">lit-dlps-dc</subfield><subfield code="u">mdp.39015079128230</subfield><subfield code="y">1742</subfield><subfield code="r">pd</subfield><subfield code="q">bib</subfield><subfield code="t">non-US bib date2, date type m &lt; 1879</subfield></datafield></record></collection>